@inbook{
	rojers,
	author="Роджерс Д., Адамс Дж.",
	title="Математические основы машинной графики",
	publisher="М.: Мир",
	language="russian",
	year=1989
}
@misc{bk,
	title = "Федеральный закон 'О государственном регулировании деятельности по организации и проведению азартных игр и о внесении изменений в некоторые законодательные акты Российской Федерации'",
	howpublished = "Режим доступа \url{http://www.consultant.ru/document/cons_doc_LAW_64924/} (дата обращения: 14.05.2022)"}

@misc{bk2,
	title = "Федеральный закон 'О противодействии легализации (отмыванию) доходов, полученных преступным путем, и финансированию терроризма" от 07.08.2001 N 115-ФЗ (последняя редакция)'",
	howpublished = "\url{http://www.consultant.ru/document/cons_doc_LAW_32834/}"

@article{kfs,
	author = {Lorig, Matthew and Zhou, Zhou and Zou, Bin},
	year = {2021},
	month = {03},
	pages = {},
	title = {Optimal Bookmaking},
	volume = {295},
	journal = {European Journal of Operational Research},
	doi = {10.1016/j.ejor.2021.03.005}
}

@misc{subd,
	title="Что такое СУБД - RU-CENTER [Электронный ресурс]",
	howpublished="Режим доступа: \url{https://www.nic.ru/help/chto-takoe-subd_8580.html} (дата обращения: 07.06.2021)"
}

@misc{postgresql,
	title="PostgreSQL: Документация. [Электронный ресурс]",
	howpublished="Режим доступа: \url{https://postgrespro.ru/docs/postgresql/} (дата обращения: 07.06.2021)"
}

@misc{oracle,
	title="SQL Language | Oracle[Электронный ресурс]",
	howpublished="Режим доступа: \url{https://www.oracle.com/database/technologies/appdev/sql.html} (дата обращения: 07.06.2021)"
}

@misc{mysql,
	title="MySQL Database Service is a fully managed database service to deploy cloud-native applications. [Электронный ресурс]",
	howpublished="Режим доступа: \url{https://www.mysql.com/} (дата обращения: 07.06.2021)"
}